<record><leader>00000cas a22000007a 4500</leader><controlfield tag="001">15183588</controlfield><controlfield tag="008">870211d1859186uinuwr ne      0    0eng d</controlfield><datafield ind1=" " ind2=" " tag="010"><subfield code="a">sn 87055174 </subfield></datafield><datafield ind1=" " ind2=" " tag="040"><subfield code="a">NPI</subfield><subfield code="b">eng</subfield><subfield code="c">NPI</subfield><subfield code="d">OCLCQ</subfield></datafield><datafield ind1=" " ind2=" " tag="042"><subfield code="a">msc</subfield></datafield><datafield ind1="0" ind2="0" tag="245"><subfield code="a">Thorntown weekly mail.</subfield></datafield><datafield ind1=" " ind2=" " tag="260"><subfield code="a">Thorntown, Ind. :</subfield><subfield code="b">[s.n.]</subfield></datafield><datafield ind1=" " ind2=" " tag="310"><subfield code="a">Weekly</subfield></datafield><datafield ind1="1" ind2=" " tag="362"><subfield code="a">Began in 1859.</subfield></datafield><datafield ind1=" " ind2=" " tag="588"><subfield code="a">Description based on: Vol. 1, no. 40 (June 1, 1860).</subfield></datafield><datafield ind1=" " ind2=" " tag="752"><subfield code="a">United States</subfield><subfield code="b">Indiana</subfield><subfield code="c">Boone</subfield><subfield code="d">Thorntown.</subfield></datafield><datafield ind1="0" ind2="0" tag="785"><subfield code="t">Indiana mail</subfield><subfield code="w">(DLC)sn 87055258</subfield></datafield></record>